<?xml version="1.0" encoding="UTF-8"?><collection xmlns="http://www.loc.gov/MARC21/slim"><record><leader>00421nam--2200133-i-4500</leader><controlfield tag="001">000007520</controlfield><controlfield tag="002">20161230</controlfield><controlfield tag="005">20161230201027</controlfield><controlfield tag="008">060222s1000------------r-----000-0-eng-d</controlfield><datafield ind1=" " ind2=" " tag="100"><subfield code="a">Blanc, Pierre</subfield></datafield><datafield ind1=" " ind2=" " tag="245"><subfield code="a">Etude et realisation d un convertisseur temps amplitude differential pour le domaine des na nosecondes. theses</subfield></datafield><datafield ind1=" " ind2=" " tag="260"><subfield code="a">Lyon, La Faculte Des Sciences De L Universite, 1962. 32 P</subfield></datafield><datafield ind1=" " ind2=" " tag="490"><subfield code="a">52</subfield></datafield><datafield ind1=" " ind2=" " tag="852"><subfield code="a">22877</subfield></datafield></record></collection>